<record><leader>00000cas a2200000 a 4500</leader><controlfield tag="001">23063714</controlfield><controlfield tag="008">910205d18941894ilucr ne      0   a0eng c</controlfield><datafield ind1=" " ind2=" " tag="010"><subfield code="a">sn 90054242 </subfield></datafield><datafield ind1=" " ind2=" " tag="040"><subfield code="a">NVF</subfield><subfield code="b">eng</subfield><subfield code="c">NVF</subfield><subfield code="d">MGN</subfield><subfield code="d">OCLCQ</subfield><subfield code="d">NVF</subfield><subfield code="d">OCLCQ</subfield><subfield code="d">OCLCF</subfield><subfield code="d">OCLCO</subfield><subfield code="d">NVF</subfield></datafield><datafield ind1=" " ind2=" " tag="042"><subfield code="a">pcc</subfield></datafield><datafield ind1=" " ind2=" " tag="043"><subfield code="a">n-us-il</subfield></datafield><datafield ind1="0" ind2="0" tag="245"><subfield code="a">Effingham semi weekly Republican.</subfield></datafield><datafield ind1="3" ind2=" " tag="246"><subfield code="a">Effingham semiweekly Republican</subfield></datafield><datafield ind1="3" ind2=" " tag="246"><subfield code="a">Effingham semi-weekly Republican</subfield></datafield><datafield ind1=" " ind2=" " tag="260"><subfield code="a">Effingham, Ill. :</subfield><subfield code="b">Effingham Print. Co.,</subfield><subfield code="c">1894.</subfield></datafield><datafield ind1=" " ind2=" " tag="300"><subfield code="a">v.</subfield></datafield><datafield ind1=" " ind2=" " tag="310"><subfield code="a">Semiweekly</subfield></datafield><datafield ind1="0" ind2=" " tag="362"><subfield code="a">Vol. 22, no. 21 (Jan. 9, 1894)-v. 22, no. 65 (June 15, 1894).</subfield></datafield><datafield ind1=" " ind2=" " tag="500"><subfield code="a">Editor: Richard J. Lawson.</subfield></datafield><datafield ind1=" " ind2="0" tag="651"><subfield code="a">Effingham (Ill.)</subfield><subfield code="v">Newspapers.</subfield></datafield><datafield ind1=" " ind2="7" tag="651"><subfield code="a">Illinois</subfield><subfield code="z">Effingham.</subfield><subfield code="2">fast</subfield><subfield code="0">(OCoLC)fst01217735</subfield></datafield><datafield ind1=" " ind2="7" tag="655"><subfield code="a">Newspapers.</subfield><subfield code="2">fast</subfield><subfield code="0">(OCoLC)fst01423814</subfield></datafield><datafield ind1=" " ind2=" " tag="752"><subfield code="a">United States</subfield><subfield code="b">Illinois</subfield><subfield code="c">Effingham</subfield><subfield code="d">Effingham.</subfield></datafield><datafield ind1="0" ind2="0" tag="780"><subfield code="t">Effingham Republican (Effingham, Ill. : 1872)</subfield><subfield code="w">(DLC)sn 90054241</subfield><subfield code="w">(OCoLC)23063649</subfield></datafield><datafield ind1="0" ind2="0" tag="785"><subfield code="t">Effingham $1.00 Republican</subfield><subfield code="w">(DLC)sn 90054243</subfield><subfield code="w">(OCoLC)23063776</subfield></datafield><datafield ind1="1" ind2=" " tag="029"><subfield code="a">AU@</subfield><subfield code="b">000025861856</subfield></datafield></record>